<?xml version="1.0" encoding="UTF-8"?><collection xmlns="http://www.loc.gov/MARC21/slim"><record><leader>00569nam--2200181-u-4500</leader><controlfield tag="001">000053460</controlfield><controlfield tag="002">20161230</controlfield><controlfield tag="005">20161230201051</controlfield><controlfield tag="008">110406s1000------------r-----000-0-eng-d</controlfield><datafield ind1=" " ind2=" " tag="040"><subfield code="a">IFIN-HH</subfield></datafield><datafield ind1=" " ind2=" " tag="080"><subfield code="a">543.068.7(043.2)</subfield></datafield><datafield ind1="1" ind2=" " tag="100"><subfield code="a">Titrici, Maria-magdalena</subfield></datafield><datafield ind1="1" ind2="0" tag="245"><subfield code="a">Syntehesis and evaluation of novel formats in molecular imprinting</subfield><subfield code="b">Teza</subfield><subfield code="c">Maria-magdalena titirici</subfield></datafield><datafield ind1=" " ind2=" " tag="260"><subfield code="a">Dortmund</subfield><subfield code="b">Institut Fur Umwelforschung</subfield><subfield code="c">2005</subfield></datafield><datafield ind1=" " ind2=" " tag="300"><subfield code="a">215P</subfield></datafield><datafield ind1=" " ind2=" " tag="502"><subfield code="a">Conducator: Priv.Doz.Dr. Borje Sellergren</subfield></datafield><datafield ind1=" " ind2=" " tag="852"><subfield code="a">81755</subfield><subfield code="c">541.64</subfield></datafield><datafield ind1=" " ind2=" " tag="CAT"><subfield code="a">Sys</subfield><subfield code="c">20110406</subfield><subfield code="h">100228</subfield></datafield></record></collection>